@article{autonomouscars,
	title={25 Corporations Not Named Google Working On Driverless Cars},
    year={2015},
    journal={CB Insights}
    }

@mastersthesis{rslrover2014,
  title={RSL ROVER: Robotic Systems Laboratory Rugged Offroad Vehicle for Experimental Research},
  author={Garrett Bonner, Owen Hale, Julian Pitt, Andrew Torrellas},
  year={2014},
  school={Santa Clara University}
} 

@mastersthesis{rslrover2015,
  title={RSL Autonomous Rover},
  author={Cris Madrigal, Jiachi Zhang, Nicholas Peacock, Brogan Oâ€™Hara
},
  year={2015},
  school={Santa Clara University}
} 

@article{nfpa,
	title={Guide for Fire and Explosion Investigations},
    author={National Fire Protection Association},
    year={2004},
    journal={NASA Technical Standards}
    }

@article{evaluationofhazards,
	title={Evaluation of Hazards in the Post-Fire Environment},
    author={The InterAgency Board},
    year={2012}
   	}

@article{toxichazards,
	title={Toxic Hazards to Fire Fighters, Including Effects of Fire Retardants, During Fires and Post-Fire Investigation Activities},
    author={Professor David Purser},
    year={2009}}

@inbook{aerialsupervisionguide,
author = {National Wildfire Coordinating Group},
title = {Interagency Aerial
Supervision Guide},
publisher = {National Wildfire Coordinating Group},
year = {2014},
pages={36--37},
}

@article{dronesrescueservices,
   author={Apvrille, L. and Tanzi, T. and Dugelay, J.-L.},
   title={Autonomous drones for assisting rescue services within the context of natural disasters},
   journal={General Assembly and Scientific Symposium (URSI GASS)},
   year=2014,
   month=August,
   pages={1--4, 16--23}
}

@article{firedrones,
	author = {Debra Werner},
    title = {Fire Drones},
    journal={AEROSPACE AMERICA},
    year= 2015,
    month=June,
    publisher={American Institute of Aeronautics and Astronautics},
    pages={28--31}
}

@article{recoveringfromwildfire,
	title={Recovering From Wildfire: A Guide for Arizona's Forest Owners},
    author={Alix Rogstad},
    year={2002},
    pages={3}
    }

@inbook{firearsonsceneevidence,
	author = {Technical Working Group on Fire/Arson Scene Investigation},
    title = {Fire and Arson Scene Evidence: A Guide for Public Safety Personnel},
    publisher= {The National Institute of Justice},
    year = 2000,
	pages = {14-15}
}

@MISC{clearpath,
    author = {{ROS.org}},
    title = {Robot Localization},
    year = {2015},
    note = {[Online; accessed Dec 7, 2015]},
    url = {http://wiki.ros.org/robot_localization}
}

@article{robotwebtools,
	author ={Russell Toris, Julius Kammerl, David Lu, Jihoon Lee, Odest Chadwicke Jenkins, Sarah Osentoski, Mitchell Wills, and Sonia Chernova},
    title= {Robot Web Tools: Efficient Messaging for Cloud Robotics},
    journal={In Proceedings of the IEEE/RSJ International Conference on Intelligent Robots and Systems (IROS)}, 
    year = {2015}
}

@Inbook{Moore2016,
author="Moore, Thomas
and Stouch, Daniel",
editor="Menegatti, Emanuele
and Michael, Nathan
and Berns, Karsten
and Yamaguchi, Hiroaki",
chapter="A Generalized Extended Kalman Filter Implementation for the Robot Operating System",
title="Intelligent Autonomous Systems 13: Proceedings of the 13th International Conference IAS-13",
year="2016",
publisher="Springer International Publishing",
address="Cham",
pages="335--348",
isbn="978-3-319-08338-4",
doi="10.1007/978-3-319-08338-4_25",
url="http://dx.doi.org/10.1007/978-3-319-08338-4_25"
}


@misc{roscontrolcenter,
	author={Lars Berscheid},
    title={ROS Control Center},
    publisher ={GitHub},
    year={2016},
}